<record xmlns="http://www.loc.gov/MARC21/slim">
  <leader>01319cam a2200313 | 4500</leader>
  <controlfield tag="001">98881</controlfield>
  <controlfield tag="008">091776s1975    dcu           1     eng l</controlfield>
  <datafield tag="010" ind1=" " ind2=" ">
    <subfield code="a">   75034688</subfield>
  </datafield>
  <datafield tag="020" ind1=" " ind2=" ">
    <subfield code="a">0844731773</subfield>
  </datafield>
  <datafield tag="035" ind1=" " ind2=" ">
    <subfield code="a">ocm01978303</subfield>
  </datafield>
  <datafield tag="039" ind1="0" ind2=" ">
    <subfield code="a">0151105E</subfield>
    <subfield code="f">MFK</subfield>
  </datafield>
  <datafield tag="040" ind1=" " ind2=" ">
    <subfield code="a">DLC</subfield>
    <subfield code="b">eng</subfield>
  </datafield>
  <datafield tag="043" ind1=" " ind2=" ">
    <subfield code="a">n-us---</subfield>
  </datafield>
  <datafield tag="049" ind1=" " ind2=" ">
    <subfield code="a">aeu</subfield>
    <subfield code="b">eng</subfield>
  </datafield>
  <datafield tag="050" ind1="0" ind2=" ">
    <subfield code="a">HC 110 W24</subfield>
    <subfield code="b">K86 1975</subfield>
  </datafield>
  <datafield tag="090" ind1="0" ind2="0">
    <subfield code="a">HC 110 W24 K86 1975</subfield>
    <subfield code="b">NO</subfield>
  </datafield>
  <datafield tag="100" ind1="1" ind2="0">
    <subfield code="a">Kosters, Marvin H.</subfield>
  </datafield>
  <datafield tag="245" ind1="1" ind2="0">
    <subfield code="a">Controls and inflation; </subfield>
    <subfield code="b">the Economic Stabilization Program in retrospect </subfield>
    <subfield code="c">[by] Marvin H. Kosters, in association with J. Dawson Ahalt; foreword by George P. Shultz.</subfield>
  </datafield>
  <datafield tag="260" ind1="0" ind2=" ">
    <subfield code="a">Washington, </subfield>
    <subfield code="b">American Enterprise Institute for Public Policy Research, </subfield>
    <subfield code="c">c1975.</subfield>
  </datafield>
  <datafield tag="300" ind1=" " ind2=" ">
    <subfield code="a">135 p.  </subfield>
    <subfield code="b">graphs.  </subfield>
    <subfield code="c">23 cm.</subfield>
  </datafield>
  <datafield tag="490" ind1="1" ind2=" ">
    <subfield code="a">Domestic affairs study ;</subfield>
    <subfield code="v">37</subfield>
  </datafield>
  <datafield tag="500" ind1=" " ind2=" ">
    <subfield code="a">&quot;Presented at the Conference on Research in Income and Wealth on &apos;Price Behavior, 1965-1974,&apos; sponsored by the National Bureau of Economic Research, held 21 through 23 November 1974 in Bethesda, Maryland.&quot;</subfield>
  </datafield>
  <datafield tag="596" ind1=" " ind2=" ">
    <subfield code="a">38</subfield>
  </datafield>
  <datafield tag="650" ind1=" " ind2="0">
    <subfield code="a">Wage-price policy</subfield>
    <subfield code="z">United States.</subfield>
  </datafield>
  <datafield tag="651" ind1=" " ind2="0">
    <subfield code="a">United States</subfield>
    <subfield code="x">Economic policy</subfield>
    <subfield code="y">1971-1981</subfield>
  </datafield>
  <datafield tag="700" ind1="1" ind2="0">
    <subfield code="a">Ahair, J. Dawson.</subfield>
  </datafield>
  <datafield tag="710" ind1="2" ind2=" ">
    <subfield code="a">Conference on Research in Income and Wealth.</subfield>
  </datafield>
  <datafield tag="830" ind1=" " ind2="0">
    <subfield code="a">Domestic affairs studies.</subfield>
    <subfield code="v">37</subfield>
  </datafield>
  <datafield tag="926" ind1=" " ind2=" ">
    <subfield code="a">UABARD</subfield>
    <subfield code="b">ON_SHELF</subfield>
    <subfield code="c">HC 110 W24 K86 1975</subfield>
    <subfield code="d">BOOK</subfield>
    <subfield code="f">1</subfield>
  </datafield>
</record>
